@CONTROL{REVTEX42Control}
@CONTROL{aapm41Control,pages="1",title="0"}
